@book{martin2010grupos,
	title={Grupos, corpos e teoria de Galois},
	author={Martin, P.A.},
	isbn={9788578610654},
	url={https://books.google.com.br/books?id=LBi-cQAACAAJ},
	year={2010},
	publisher={Editora Livraria da F{\'\i}sica}
}
%Œ
@article{galoisoeuvres,
	author = {Galois, Évarist},
	title = {{\OE}euvres mathématiques d’Évariste Galois},
	journaltitle = {Journal of Liouville},
	year = {1846},
	language = {Francês},
	url = {https://www.irphe.fr/~clanet/otherpaperfile/articles/Galois/N0029062_PDF_1_84.pdf},
}

@article{exel7fredholm,
  title={A Fredholm Operator Approach to Morita Equivalence},
  author={Exel, Ruy},
  journal={\ensuremath{K}-Theory},
  year={1993},
  volume={7},
  number={3},
  publisher={Springer},
  note={\url{http://mtm.ufsc.br/~exel/papers/morita.pdf}}
}